@inproceedings{zhang-etal-2022-semantic,
  title     = {Semantic Role Labeling as Dependency Parsing: Exploring Latent Tree Structures inside Arguments},
  author    = {Zhang, Yu  and
               Xia, Qingrong  and
               Zhou, Shilin  and
               Jiang, Yong  and
               Fu, Guohong  and
               Zhang, Min},
  booktitle = {Proceedings of COLING},
  year      = {2022},
  url       = {https://aclanthology.org/2022.coling-1.370},
  address   = {Gyeongju, Republic of Korea},
  publisher = {International Committee on Computational Linguistics},
  pages     = {4212--4227}
}