@inproceedings{zhou-etal-2022-fast,
  title     = {Fast and Accurate End-to-End Span-based Semantic Role Labeling as Word-based Graph Parsing},
  author    = {Zhou, Shilin  and
               Xia, Qingrong  and
               Li, Zhenghua  and
               Zhang, Yu  and
               Hong, Yu  and
               Zhang, Min},
  booktitle = {Proceedings of COLING},
  year      = {2022},
  url       = {https://aclanthology.org/2022.coling-1.365},
  address   = {Gyeongju, Republic of Korea},
  publisher = {International Committee on Computational Linguistics},
  pages     = {4160--4171}
}