@inproceedings{zhang-etal-2023-ctc,
  title     = {Non-autoregressive Text Editing with Copy-aware Latent Alignments},
  author    = {Zhang, Yu  and
               Zhang, Yue  and
               Cui, Leyang  and
               Fu, Guohong},
  booktitle = {Proceedings of EMNLP},
  year      = {2023},
  url       = {https://yzhang.site/assets/pubs/emnlp/2023/ctc.pdf},
  address   = {Singapore}
}