@inproceedings{jiang-etal-2019-hlt,
  title     = {{HLT}@{SUDA} at {S}em{E}val-2019 Task 1: {UCCA} Graph Parsing as Constituent Tree Parsing},
  author    = {Jiang, Wei  and
               Li, Zhenghua  and
               Zhang, Yu  and
               Zhang, Min},
  booktitle = {Proceedings of SemEval},
  year      = {2019},
  url       = {https://aclanthology.org/S19-2002},
  address   = {Minneapolis, Minnesota, USA},
  publisher = {Association for Computational Linguistics},
  pages     = {11--15}
}