@inproceedings{zhang-etal-2020-fast,
  title     = {Fast and Accurate Neural CRF Constituency Parsing},
  author    = {Zhang, Yu  and
               Zhou, Houquan  and
               Li, Zhenghua},
  booktitle = {Proceedings of IJCAI},
  year      = {2020},
  url       = {https://doi.org/10.24963/ijcai.2020/560},
  publisher = {International Joint Conferences on Artificial Intelligence Organization},
  pages     = {4046--4053}
}
