@inproceedings{zhang-etal-2020-efficient,
  title     = {Efficient Second-Order {T}ree{CRF} for Neural Dependency Parsing},
  author    = {Zhang, Yu  and
               Li, Zhenghua  and
               Zhang, Min},
  booktitle = {Proceedings of ACL},
  year      = {2020},
  url       = {https://aclanthology.org/2020.acl-main.302},
  address   = {Online},
  publisher = {Association for Computational Linguistics},
  pages     = {3295--3305}
}