@inproceedings{zhou-etal-2020-posdep,
  title     = {Is {POS} Tagging Necessary or Even Helpful for Neural Dependency Parsing?},
  author    = {Houquan Zhou and
               Yu Zhang and
               Zhenghua Li and
               Min Zhang},
  booktitle = {Proceedings of NLPCC},
  year      = {2020},
  url       = {https://yzhang.site/assets/pubs/coling/2022/graphsrl.pdf},
  publisher = {Springer},
  pages     = {179--191}
}