@misc{yang-2024-parallelizing,
  title         = {Parallelizing Linear Transformers with the Delta Rule over Sequence Length},
  author        = {Songlin Yang and Bailin Wang and Yu Zhang and Yikang Shen and Yoon Kim},
  year          = {2024},
  url           = {https://arxiv.org/abs/2406.06484},
  archiveprefix = {arXiv},
  eprint        = {2406.06484},
  primaryclass  = {cs.LG}
}