@misc{zhang-2024-gsa,
  title         = {Gated Slot Attention for Efficient Linear-Time Sequence Modeling},
  author        = {Yu Zhang and Songlin Yang and Ruijie Zhu and Yue Zhang and Leyang Cui and Yiqiao Wang and Bolun Wang and Freda Shi and Bailin Wang and Wei Bi and Peng Zhou and Guohong Fu},
  year          = {2024},
  url           = {https://arxiv.org/abs/2409.07146},
  archiveprefix = {arXiv},
  eprint        = {2409.07146},
  primaryclass  = {cs.CL}
}