@misc{zhu-2024-mmf,
  title         = {Scalable MatMul-free Language Modeling},
  author        = {Rui-Jie Zhu and Yu Zhang and Ethan Sifferman and Tyler Sheaves and Yiqiao Wang and Dustin Richmond and Peng Zhou and Jason K. Eshraghian},
  year          = {2024},
  url           = {https://arxiv.org/abs/2406.02528},
  archiveprefix = {arXiv},
  eprint        = {2406.02528},
  primaryclass  = {cs.CL}
}